<record xmlns="http://www.loc.gov/MARC21/slim" xmlns:xsi="http://www.w3.org/2001/XMLSchema-instance" xsi:schemaLocation="http://www.loc.gov/MARC21/slim http://www.loc.gov/standards/marcxml/schema/MARC21slim.xsd"><leader>00037nz   2200037n  4500</leader><controlfield tag="001">DNB|101030630</controlfield><controlfield tag="003">DNB</controlfield><controlfield tag="005">20080405165634.0</controlfield><controlfield tag="008">910916n||aznnnabbn           | aaa    |c</controlfield><datafield ind1=" " ind2=" " tag="035"><subfield code="a">(DE-101)101030630</subfield></datafield><datafield ind1=" " ind2=" " tag="035"><subfield code="a">(DE-588a)101030630</subfield></datafield><datafield ind1=" " ind2=" " tag="040"><subfield code="a">DE-12</subfield><subfield code="b">ger</subfield><subfield code="c">DE-101</subfield><subfield code="e">rakwb</subfield><subfield code="d">0012</subfield></datafield><datafield ind1=" " ind2=" " tag="079"><subfield code="a">p</subfield><subfield code="q">f</subfield><subfield code="q">p</subfield><subfield code="t">12</subfield><subfield code="t">12-PAN</subfield></datafield><datafield ind1="0" ind2=" " tag="100"><subfield code="a">Leonidas</subfield><subfield code="c">Alexandrinus</subfield><subfield code="d">1. Jh. n. Chr.</subfield></datafield><datafield ind1="0" ind2=" " tag="400"><subfield code="a">Leonidas</subfield><subfield code="c">von Alexandreia</subfield><subfield code="d">1. Jh. n. Chr.</subfield></datafield><datafield ind1="0" ind2=" " tag="400"><subfield code="a">Leonidas</subfield><subfield code="c">Astronom</subfield><subfield code="d">1. Jh. n. Chr.</subfield></datafield><datafield ind1="0" ind2=" " tag="400"><subfield code="a">Leonidas</subfield><subfield code="c">Epigrammaticus</subfield><subfield code="d">1. Jh. n. Chr.</subfield></datafield><datafield ind1="1" ind2=" " tag="400"><subfield code="a">Leonidas, Iulius</subfield><subfield code="d">1. Jh. n. Chr.</subfield></datafield><datafield ind1="0" ind2=" " tag="400"><subfield code="a">Leonidas</subfield><subfield code="c">Astrologus</subfield><subfield code="d">1. Jh. n. Chr.</subfield></datafield><datafield ind1="0" ind2=" " tag="400"><subfield code="a">Leonidas</subfield><subfield code="c">Mathematicus</subfield><subfield code="d">1. Jh. n. Chr.</subfield></datafield><datafield ind1="0" ind2=" " tag="400"><subfield code="a">Leonida</subfield><subfield code="c">di Alessandria</subfield><subfield code="d">1. Jh. n. Chr.</subfield></datafield><datafield ind1="0" ind2=" " tag="400"><subfield code="a">Leonida</subfield><subfield code="c">Astronomo</subfield><subfield code="d">1. Jh. n. Chr.</subfield></datafield><datafield ind1="0" ind2=" " tag="400"><subfield code="a">Leonidas</subfield><subfield code="c">of Alexandria</subfield><subfield code="d">1. Jh. n. Chr.</subfield></datafield><datafield ind1="0" ind2=" " tag="400"><subfield code="a">Iulius</subfield><subfield code="c">Leonidas</subfield><subfield code="d">1. Jh. n. Chr.</subfield></datafield><datafield ind1="1" ind2=" " tag="400"><subfield code="a">Leonidas Alexandrinus, Iulius</subfield><subfield code="d">1. Jh. n. Chr.</subfield></datafield><datafield ind1=" " ind2=" " tag="549"><subfield code="w">i</subfield><subfield code="i">Lebensdaten</subfield><subfield code="a">1. Jh. n. Chr.</subfield></datafield><datafield ind1=" " ind2=" " tag="997"><subfield code="a">0 0 flourished</subfield><subfield code="9">1</subfield></datafield></record>